@inproceedings{autopsy2019,
        Author = {Brian Carrier},
        Organization = {\url{https://www.sleuthkit.org/autopsy/}},
        Title = {{Autopsy} or {The} {SleuthKit}},
        Year = {2019}}
